RKKY:
@article{yosida1957magnetic,
  title={Magnetic properties of Cu-Mn alloys},
  author={Yosida, Kei},
  journal={Physical Review},
  volume={106},
  number={5},
  pages={893},
  year={1957},
  publisher={APS}
}

@article{julliere1975tunneling,
  title={Tunneling between ferromagnetic films},
  author={Julliere, Michel},
  journal={Physics Letters A},
  volume={54},
  number={3},
  pages={225--226},
  year={1975},
  publisher={Elsevier}
}

@article{miyazaki1995giant,
  title={Giant magnetic tunneling effect in Fe/Al2O3/Fe junction},
  author={Miyazaki, Terunobu and Tezuka, N.},
  journal={Journal of Magnetism and Magnetic Materials},
  volume={139},
  number={3},
  pages={L231--L234},
  year={1995},
  publisher={Elsevier}
}

perpendicular anisotropy:
@article{kisielewski2004wide,
  title={Wide-scale evolution of magnetization distribution in ultrathin films},
  author={Kisielewski, M. and Maziewski, A. and Polyakova, T and Zablotskii, V},
  journal={Physical Review B},
  volume={69},
  number={18},
  pages={184419},
  year={2004},
  publisher={APS}
}

@article{yuasa2007giant,
  title={Giant tunnel magnetoresistance in magnetic tunnel junctions with a crystalline MgO (0 0 1) barrier},
  author={Yuasa, S. and Djayaprawira, DD},
  journal={Journal of Physics D: Applied Physics},
  volume={40},
  number={21},
  pages={R337},
  year={2007},
  publisher={IOP Publishing}
}

@inproceedings{kishi2008lower,
  title={Lower-current and fast switching of a perpendicular TMR for high speed and high density spin-transfer-torque MRAM},
  author={Kishi, T. and Yoda, H. and Kai, T and Nagase, T and Kitagawa, E and Yoshikawa, M and Nishiyama, K and Daibou, T and Nagamine, M and Amano, M and others},
  booktitle={Electron Devices Meeting, 2008. IEDM 2008. IEEE International},
  pages={1--4},
  year={2008},
  organization={IEEE}
}

@article{yakushiji2008spin,
  title={Spin-transfer switching and thermal stability in an FePt/Au/FePt nanopillar prepared by alternate monatomic layer deposition},
  author={Yakushiji, Kay and Yuasa, Shinji and Nagahama, Taro and Fukushima, Akio and Kubota, Hitoshi and Katayama, Toshikazu and Ando, Koji},
  journal={Applied Physics Express},
  volume={1},
  number={4},
  pages={041302},
  year={2008},
  publisher={IOP Publishing}
}

@article{ikeda2008tunnel,
  title={Tunnel magnetoresistance of 604\% at 300 K by suppression of Ta diffusion in Co Fe B/ Mg O/ Co Fe B pseudo-spin-valves annealed at high temperature},
  author={Ikeda, S. and Hayakawa, J. and Ashizawa, Y. and Lee, YM and Miura, K and Hasegawa, H and Tsunoda, M and Matsukura, F and Ohno, H},
  journal={Applied Physics Letters},
  volume={93},
  number={8},
  pages={082508},
  year={2008},
  publisher={AIP}
}

@article{park2008co,
  title={Co/ Pt multilayer based magnetic tunnel junctions using perpendicular magnetic anisotropy},
  author={Park, Jeong-Heon and Park, Chando and Jeong, Taehee and Moneck, Matthew T and Nufer, Noel T and Zhu, Jian-Gang},
  journal={Journal of Applied Physics},
  volume={103},
  number={7},
  pages={07A917},
  year={2008},
  publisher={AIP}
}

@book{stobiecki2012urzadzenia,
	author = {Stobiecki, Tomasz and Czapkiewicz, Maciej and Skowroński, Witold and Kanak, Jarosław and Wrona, Jerzy},
	title = {Urządzenia elektroniki spinowej},
	publisher = {{AGH University of Science and Technology Press}},
	year = {{2012}},
	isbn = {978-83-7464-489-1}
}

@article{kim2017cofesib,
  title={CoFeSiB--Pd multilayers and co-deposited alloy films exhibiting perpendicular magnetic anisotropies after heat treatment up to \SI{500}{\celsius}},
  author={Kim, Yong Jin and Kim, Seung Hyun and Kim, Ki Ha and Kim, Do Kyun and Cho, Ji Ung and Kim, Kyou-Hyun and Kim, Young Keun},
  journal={Acta Materialia},
  volume={125},
  pages={196--201},
  year={2017},
  publisher={Elsevier}
}

STT:
@article{bhatti2017spintronics,
  title={Spintronics based random access memory: a review},
  author={Bhatti, Sabpreet and Sbiaa, Rachid and Hirohata, Atsufumi and Ohno, Hideo and Fukami, Shunsuke and Piramanayagam, SN},
  journal={Materials Today},
  year={2017},
  publisher={Elsevier}
}

SAF:
@article{zhu1999spin,
  title={Spin valve and dual spin valve heads with synthetic antiferromagnets},
  author={Zhu, Jian-Gang},
  journal={IEEE Transactions on Magnetics},
  volume={35},
  number={2},
  pages={655--660},
  year={1999},
  publisher={IEEE}
}

SAF:
@article{bandiera2010comparison,
  title={Comparison of synthetic antiferromagnets and hard ferromagnets as reference layer in magnetic tunnel junctions with perpendicular magnetic anisotropy},
  author={Bandiera, S. and Sousa, RC and Dahmane, Y and Ducruet, C and Portemont, C and Baltz, Vincent and Auffret, S and Prejbeanu, IL and Dieny, B},
  journal={IEEE Magnetics Letters},
  volume={1},
  pages={3000204--3000204},
  year={2010},
  publisher={IEEE}
}

Perpendicular saf:
@article{wang2015tunnel,
  title={Tunnel junction with perpendicular magnetic anisotropy: Status and challenges},
  author={Wang, Mengxing and Zhang, Yue and Zhao, Xiaoxuan and Zhao, Weisheng},
  journal={Micromachines},
  volume={6},
  number={8},
  pages={1023--1045},
  year={2015},
  publisher={Multidisciplinary Digital Publishing Institute}
}

@article{skowronski2017understanding,
  title={Understanding stability diagram of perpendicular magnetic tunnel junctions},
  author={Skowro{\'n}ski, Witold and Czapkiewicz, Maciej and Zi{\k{e}}tek, S{\l}awomir and Ch{\k{e}}ci{\'n}ski, Jakub and Frankowski, Marek and Rzeszut, Piotr and Wrona, Jerzy},
  journal={Scientific Reports},
  volume={7},
  number={1},
  pages={10172},
  year={2017},
  publisher={Nature Publishing Group}
}

stability sato:
@article{sato2012cofeb,
  title={CoFeB thickness dependence of thermal stability factor in CoFeB/MgO perpendicular magnetic tunnel junctions},
  author={Sato, H. and Yamanouchi, M. and Miura, K and Ikeda, S and Koizumi, R and Matsukura, F and Ohno, H},
  journal={IEEE Magnetics Letters},
  volume={3},
  pages={3000204--3000204},
  year={2012},
  publisher={IEEE}
}

@article{fujisaki2013review,
  title={Review of emerging new solid-state non-volatile memories},
  author={Fujisaki, Yoshihisa},
  journal={Japanese Journal of Applied Physics},
  volume={52},
  number={4R},
  pages={040001},
  year={2013},
  publisher={IOP Publishing}
}

@article{kent2015new,
  title={A new spin on magnetic memories},
  author={Kent, Andrew D and Worledge, Daniel C},
  journal={Nature Nanotechnology},
  volume={10},
  number={3},
  pages={187},
  year={2015},
  publisher={Nature Publishing Group}
}

@inproceedings{yoda2016voltage,
  title={Voltage-control spintronics memory (VoCSM) having potentials of ultra-low energy-consumption and high-density},
  author={Yoda, H. and Shimomura, N. and Ohsawa, Y and Shirotori, S and Kato, Y and Inokuchi, T and Kamiguchi, Y and Altansargai, B and Saito, Y and Koi, K and others},
  booktitle={Electron Devices Meeting (IEDM), 2016 IEEE International},
  pages={27--6},
  year={2016},
  organization={IEEE}
}

@article{nowak1992spin,
  title={Spin dependent electron tunneling between ferromagnetic films},
  author={Nowak, J. and Rau{\l}uszkiewicz, J.},
  journal={Journal of Magnetism and Magnetic Materials},
  volume={109},
  number={1},
  pages={79--90},
  year={1992},
  publisher={Elsevier}
}

@article{moodera1995large,
  title={Large magnetoresistance at room temperature in ferromagnetic thin film tunnel junctions},
  author={Moodera, Jagadeesh Subbaiah and Kinder, Lisa R and Wong, Terrilyn M and Meservey, R},
  journal={Physical Review Letters},
  volume={74},
  number={16},
  pages={3273},
  year={1995},
  publisher={APS}
}

@article{harder2016electrical,
  title={Electrical detection of magnetization dynamics via spin rectification effects},
  author={Harder, Michael and Gui, Yongsheng and Hu, Can-Ming},
  journal={Physics Reports},
  volume={661},
  pages={1--59},
  year={2016},
  publisher={Elsevier}
}

@article{johnson1996magnetic,
  title={Magnetic anisotropy in metallic multilayers},
  author={Johnson, MT and Bloemen, PJH and Den Broeder, FJA and De Vries, JJ},
  journal={Reports on Progress in Physics},
  volume={59},
  number={11},
  pages={1409},
  year={1996},
  publisher={IOP Publishing}
}

angular TMR:
@article{slonczewski1989conductance,
  title={Conductance and exchange coupling of two ferromagnets separated by a tunneling barrier},
  author={Slonczewski, John C},
  journal={Physical Review B},
  volume={39},
  number={10},
  pages={6995},
  year={1989},
  publisher={APS}
}

angular TMR:
@article{rijks1994interplay,
  title={Interplay between exchange biasing and interlayer exchange coupling in Ni80Fe20/Cu/Ni80Fe20/Fe50Mn50 layered systems},
  author={Rijks, Th GSM and Coehoorn, R and Daemen, JTF and De Jonge, WJM},
  journal={Journal of Applied Physics},
  volume={76},
  number={2},
  pages={1092--1099},
  year={1994},
  publisher={AIP}
}

Kv:
@article{draaisma1988surface,
  title={Surface and volume anisotropy from dipole-dipole interactions in ultrathin ferromagnetic films},
  author={Draaisma, HJG and De Jonge, WJM},
  journal={Journal of Applied Physics},
  volume={64},
  number={7},
  pages={3610--3613},
  year={1988},
  publisher={AIP}
}

why PMA:
@article{mangin2006current,
  title={Current-induced magnetization reversal in nanopillars with perpendicular anisotropy},
  author={Mangin, S. and Ravelosona, D. and Katine, JA and Carey, MJ and Terris, BD and Fullerton, Eric E},
  journal={Nature Materials},
  volume={5},
  number={3},
  pages={210},
  year={2006},
  publisher={Nature Publishing Group}
}

Delta value:
@article{apalkov2010comparison,
  title={Comparison of scaling of in-plane and perpendicular spin transfer switching technologies by micromagnetic simulation},
  author={Apalkov, Dmytro and Watts, Steven and Driskill-Smith, Alexander and Chen, Eugene and Diao, Zhitao and Nikitin, Vladimir},
  journal={IEEE Transactions on Magnetics},
  volume={46},
  number={6},
  pages={2240--2243},
  year={2010},
  publisher={IEEE}
}

Transistor size:
@article{kawahara20082,
  title={2 Mb SPRAM (spin-transfer torque RAM) with bit-by-bit bi-directional current write and parallelizing-direction current read},
  author={Kawahara, Takayuki and Takemura, Riichiro and Miura, Katsuya and Hayakawa, Jun and Ikeda, Shoji and Lee, Young Min and Sasaki, Ryutaro and Goto, Yasushi and Ito, Kenchi and Meguro, Toshiyasu and others},
  journal={IEEE Journal of Solid-State Circuits},
  volume={43},
  number={1},
  pages={109--120},
  year={2008},
  publisher={IEEE}
}

Interlayer Coupling:
@article{katayama2006interlayer,
  title={Interlayer exchange coupling in Fe/ Mg O/ Fe magnetic tunnel junctions},
  author={Katayama, T. and Yuasa, S. and Velev, Julian and Zhuravlev, M Ye and Jaswal, Sitaram S and Tsymbal, Evgeny Y},
  journal={Applied Physics Letters},
  volume={89},
  number={11},
  pages={112503},
  year={2006},
  publisher={AIP}
}

@article{jiancheng2015effect,
  title={Effect of the stray field profile on the switching characteristics of the free layer in a perpendicular magnetic tunnel junction},
  author={Jiancheng, Huang and Hin, Sim Cheow and Naik, Vinayak Bharat and Tran, Michael and Ter, Lim Sze and Guchang, Han},
  journal={Journal of Applied Physics},
  volume={117},
  number={17},
  pages={17B721},
  year={2015},
  publisher={AIP Publishing}
}

MgO tunnelling impact on TMR:
@article{teixeira2011resonant,
  title={Resonant tunneling through electronic trapping states in thin MgO magnetic junctions},
  author={Teixeira, JM and Ventura, J and Araujo, JP and Sousa, JB and Wisniowski, P and Cardoso, S and Freitas, PP},
  journal={Physical Review Letters},
  volume={106},
  number={19},
  pages={196601},
  year={2011},
  publisher={APS}
}

@article{ikeda2010perpendicular,
  title={A perpendicular-anisotropy CoFeB--MgO magnetic tunnel junction},
  author={Ikeda, S. and Miura, K. and Yamamoto, H and Mizunuma, K and Gan, HD and Endo, M and Kanai, Sl and Hayakawa, J and Matsukura, F and Ohno, H},
  journal={Nature Materials},
  volume={9},
  number={9},
  pages={721},
  year={2010},
  publisher={Nature Publishing Group}
}

@article{frankowski2015buffer,
  title={Buffer influence on magnetic dead layer, critical current, and thermal stability in magnetic tunnel junctions with perpendicular magnetic anisotropy},
  author={Frankowski, Marek and {\.Z}ywczak, Antoni and Czapkiewicz, Maciej and Zi{\k{e}}tek, S{\l}awomir and Kanak, Jaros{\l}aw and Banasik, Monika and Powro{\'z}nik, Wies{\l}aw and Skowro{\'n}ski, Witold and Ch{\k{e}}ci{\'n}ski, Jakub and Wrona, Jerzy and others},
  journal={Journal of Applied Physics},
  volume={117},
  number={22},
  pages={223908},
  year={2015},
  publisher={AIP Publishing}
}

@article{banasik2015magnetic,
  title={Magnetic Properties and Magnetization Dynamics of Magnetic Tunnel Junction Bottom Electrode With Different Buffer Layers},
  author={Cecot, Monika and Wrona, Jerzy and Kanak, Jaros{\l}aw and Zi{\k{e}}tek, S{\l}awomir and Skowro{\'n}ski, Witold and {\.Z}ywczak, Antoni and Czapkiewicz, Maciej and Stobiecki, Tomasz},
  journal={IEEE Transactions on Magnetics},
  volume={51},
  number={11},
  pages={1--4},
  year={2015},
  publisher={IEEE}
}
