@article{mwcl_three_section_diff, 
	author={I. Piekarz and J. Sorocki and K. Janisz and K. Wincza and S. Gruszczynski}, 	
	title={Wideband Three-Section Symmetrical Coupled-Line Directional Coupler Operating in Differential Mode}, 
	journal={submitted for IEEE Microwave and Wireless Components Letters}, 	
	year={2018},
	doi={X},
	entrysubtype = {misc}
}
@article{sensors_two_wire, 
	author={I. Piekarz and J. Sorocki and K. Wincza and S. Gruszczynski}, 	
	title={Liquids Permittivity Measurement Using Two-Wire Transmission Line Sensor}, 
	journal={submitted for IEEE Sensors Journal}, 	
	year={2018},
	doi={X},
	entrysubtype = {misc}
}
@inproceedings{mikon_coupled_liquid, 
	author={I. Piekarz and J. Sorocki and K. Wincza and S. Gruszczynski}, 
	title={Coupled-Line Sensor Setup with Liquids and Solids Permittivity Sensing Capability Developed with the Use of {3D} Printing Technology},
	booktitle = {International Conference on Microwave, Radar and Wireless Communications (MIKON 2018)},
	address = {Poznan, Poland},
	month={May},
	year  = {2018},
	doi={X},
	entrysubtype = {misc} 
}

%published in journals
@article{tie_vector, 
	author={K. Staszek and I. Piekarz and J. Sorocki and S. Koryciak and K. Wincza and S. Gruszczynski}, 	
	title={Low-Cost Microwave Vector System for Liquid Properties Monitoring}, 
	journal={IEEE Transactions on Industrial Electronics}, 	
	volume={65}, 
	number={2}, 
	pages={1665-1674},	
	month={Feb.},
	year={2018},
	doi={X}, 
	entrysubtype = {misc}
}
@article{tmtt_coupled_sensor, 
	author={I. Piekarz and J. Sorocki and K. Wincza and S. Gruszczynski}, 	
	title={Microwave Sensors for Dielectric Samples Measurement Based on Coupled-Line Section}, 
	journal={IEEE Transactions on Microwave Theory and Techniqes}, 	
	volume={65}, 
	number={5}, 
	pages={1615-1631},	
	month={May},
	year={2017},
	doi={X}, 
	entrysubtype = {misc}
}
@article{jemwa_leaky, 
	author={I. Slomian and J. Sorocki and S. Gruszczynski and K. Wincza}, 	
	title={Composite Right-Left Handed Leaky-Wave Antenna with Adjustable Radiation Bandwidth}, 
	journal={Journal of Electromagnetic Waves and Applications}, 	
	volume={30}, 
	number={8}, 
	pages={1054-1063},	
	year={2016}, 
	doi={X},
	entrysubtype = {misc}
}
@article{jiee_imp_tranf_balun, 
	author={J. Sorocki and I. Piekarz and P. Kaminski and K. Wincza and S. Gruszczynski}, 	
	title={Broadband balun circuits composed of impedance transforming directional couplers and {LH} transmission-line sections}, 
	journal={International Journal of Microwave and Wireless Technologies}, 	
	volume={6}, 
	number={3}, 
	pages={147-150},	
	year={2016}, 
	doi={10.18178/IJIEE.2016.6.3.613},
	entrysubtype = {misc}
}
@article{ijmwt_two_section, 
	author={J. Sorocki and K. Staszek and I. Piekarz and K. Wincza and S. Gruszczynski}, 	
	title={Application of {RH} and {LH} sections for reduction of coupling coefficients in two-section asymmetric directional couplers}, 
	journal={International Journal of Microwave and Wireless Technologies}, 	
	volume={8}, 
	pages={559-565},	
	month={May},
	year={2016}, 
	doi={X},
	entrysubtype = {misc}
}
@article{sensors_coupled, 
	author={I. Piekarz and J. Sorocki and K. Wincza and S. Gruszczynski}, 	
	title={Coupled-line sensor with marchand balun as {RF} system for dielectric sample detection}, 
	journal={IEEE Sensors Journal}, 	
	volume={16}, 
	number={1}, 
	pages={88-96},	
	month={Jan.},
	year={2016}, 
	doi={X},
	entrysubtype = {misc}
}
@article{mwcl_balun, 
	author={I. Piekarz and J. Sorocki and S. Gruszczynski and K. Wincza}, 	
	title={Input match and output balance improvement of Marchand balun with connecting line}, 
	journal={IEEE Microwave and Wireless Components Letters}, 	
	volume={24}, 
	number={10}, 
	pages={683-685},	
	month={Oct.},
	year={2014}, 
	doi={X},
	entrysubtype = {misc}
}
@article{rfmcae_modelling_coupled, 
	author={I. Piekarz and J. Sorocki and S. Gruszczynski and K. Wincza}, 	
	title={Modeling and performance improvement of folded coupled lines in miniaturized quasi-lumped directional couplers}, 
	journal={International Journal of RF and Microwave Computer-Aided Engineering}, 	
	volume={25}, 
	number={1}, 
	pages={1-9},	
	month={Jan.},
	year={2015}, 
	doi={X},
	entrysubtype = {misc}
}
@article{rfmcae_magic-T, 
	author={J. Sorocki and I. Piekarz and K. Wincza and S. Gruszczynski}, 	
	title={Broadband magic-{T}s with the use of coupled-line directional couplers and left-handed transmission line sections}, 
	journal={International Journal of RF and Microwave Computer-Aided Engineering}, 	
	volume={24}, 
	number={4}, 
	pages={513-521},	
	month={Jul.},
	year={2014}, 
	doi={X},
	entrysubtype = {misc}
}
@article{map_reduced_couppling, 
	author={J. Sorocki and K. Staszek and I. Piekarz and K. Wincza and S. Gruszczynski}, 	
	title={Directional couplers with reduced coupling requirements as a connection of coupled-line sections and left-handed transmission lines}, 
	journal={IET Microwaves, Antennas and Propagation}, 	
	volume={8}, 
	number={8}, 
	pages={580-588},	
	month={Jun.},
	year={2014}, 
	doi={X},
	entrysubtype = {misc}
}
@article{rfmcae_rat-race, 
	author={J. Sorocki and I. Piekarz and K. Wincza and S. Gruszczynski}, 	
	title={Bandwidth improvement of rat-race couplers having left-handed transmission-line sections}, 
	journal={International Journal of RF and Microwave Computer-Aided Engineering}, 	
	volume={24}, 
	number={3}, 
	pages={341-347},	
	month={May},
	year={2014}, 
	doi={X},
	entrysubtype = {misc}
}
@article{motl_ltcc, 
	author={I. Piekarz and J. Sorocki and K. Wincza and S. Gruszczynski and J. Muller and T. Welker}, 	
	title={Miniaturized quasi-lumped coupled-line single-section directional coupler designed in multilayer {LTCC} technology}, 
	journal={Microwave and Optical Technology Letters}, 	
	volume={55}, 
	number={6}, 
	pages={1401-1405},	
	month={Jun.},
	year={2013}, 
	doi={X},
	entrysubtype = {misc}
}
%published in conference proceedings
@inproceedings{iceese_multi, 
	author={I. Piekarz and J. Sorocki and K. Wincza and S. Gruszczynski}, 
	title={Multi-coupled-line microwave sensors for dielectric sample permittivity change detection},
	booktitle={International Conference on Electrical, Electronics and System Engineering (ICEESE 2017)},  
	address = {Kanazawa, Japan}, 	 	
 	pages={48-51},
 	month={Nov.},
 	year={2017},
	entrysubtype = {misc}
}
@inproceedings{comite_antenna, 
	author={J. Sorocki and I. Piekarz and S. Gruszczynski and  K. Wincza}, 
	title={Approach to the design of wideband antenna arrays with reduced coupling between elements},
	booktitle={Conference on Microwave Techniques (COMITE 2017)},  
	address = {Brno, Czech Republik}, 	 	
 	month={Apr.},
 	year={2017},
	entrysubtype = {misc}
}
@inproceedings{comite_sensor, 
	author={I. Piekarz and J. Sorocki and K. Wincza and S. Gruszczynski}, 
	title={Low-cost planar coupled-line sensor for permittivity measurement of low-loss dielectric materials in a wide frequency range},
	booktitle={Conference on Microwave Techniques (COMITE 2017)},  
	address = {Brno, Czech Republik}, 	 	
 	month={Apr.},
 	year={2017},
	entrysubtype = {misc}
}
@inproceedings{comite_system, 
	author={I. Piekarz and K. Janisz and J. Sorocki and K. Wincza and S. Gruszczynski}, 
	title={Two-port measurement system with coupled-line sensor for detection of material permittivity change},
	booktitle={Conference on Microwave Techniques (COMITE 2017)},  
	address = {Brno, Czech Republik}, 	 	
 	month={Apr.},
 	year={2017},
	entrysubtype = {misc}
}
@inproceedings{rws_rat, 
	author={I. Piekarz and J. Sorocki and K. Wincza and S. Gruszczynski}, 
	title={Rat-race directional couplers operating in differential mode},
	booktitle={Radio and Wireless Symposium (RWS 2017)},  
	address = {Phoenix, AZ, United States of America}, 	 	
 	month={Jan.},
 	year={2017},
	entrysubtype = {misc}
}
@inproceedings{msmw_compact, 
	author={J. Sorocki and I. Piekarz and S. Gruszczynski and K. Wincza}, 
	title={Compact microstrip coupled-line directional coupler realized in thick-film technology},
	booktitle={International Kharkiv Symposium on Physics and Engineering of Microwaves, Millimeter and Submillimeter Waves (MSMW 2016)},  
	address = {Kharkiv, Ukraine}, 	 	
 	month={Jun.},
 	year={2016},
	entrysubtype = {misc}
}
@inproceedings{msmw_differentialy, 
	author={J. Sorocki and I. Piekarz and K. Wincza and S. Gruszczynski}, 
	title={Differentialy excited coupled-line Sensor for small dielectric samples detection},
	booktitle={International Kharkiv Symposium on Physics and Engineering of Microwaves, Millimeter and Submillimeter Waves (MSMW 2016)},  
	address = {Kharkiv, Ukraine}, 	 	
 	month={Jun.},
 	year={2016},
	entrysubtype = {misc}
}
@inproceedings{msmw_miniaturized, 
	author={J. Sorocki and I. Piekarz and K. Wincza  and S. Gruszczynski}, 
	title={Miniaturized microstrip Marchand balun and coupled-line section as microwave sensor for dielectric material detection},
	booktitle={International Kharkiv Symposium on Physics and Engineering of Microwaves, Millimeter and Submillimeter Waves (MSMW 2016)},  
	address = {Kharkiv, Ukraine}, 	 	
 	month={Jun.},
 	year={2016},
	entrysubtype = {misc}
}
@inproceedings{msmw_sensitivity, 
	author={I. Piekarz and J. Sorocki and S. Gruszczynski and K. Wincza}, 
	title={Sensitivity Investigation of Coupled-Line Microwave Sensor on Dielectric {Material-Under-Test}},
	booktitle={International Kharkiv Symposium on Physics and Engineering of Microwaves, Millimeter and Submillimeter Waves (MSMW 2016)},  
	address = {Kharkiv, Ukraine}, 	 	
 	month={Jun.},
 	year={2016},
	entrysubtype = {misc}
}
@inproceedings{msmw_simplified, 
	author={I. Piekarz and J. Sorocki and K. Wincza and S. Gruszczynski}, 
	title={Simplified three-strip coupled-line section as microwave sensor for dielectric materials measurement},
	booktitle={International Kharkiv Symposium on Physics and Engineering of Microwaves, Millimeter and Submillimeter Waves (MSMW 2016)},  
	address = {Kharkiv, Ukraine}, 	 	
 	month={Jun.},
 	year={2016},
	entrysubtype = {misc}
}
@inproceedings{msmw_calibration, 
	author={I. Piekarz and J. Sorocki and K. Wincza and S. Gruszczynski}, 
	title={Calibration method of microwave measurement system for dielectric samples detection},
	booktitle={International Kharkiv Symposium on Physics and Engineering of Microwaves, Millimeter and Submillimeter Waves (MSMW 2016)},  
	address = {Kharkiv, Ukraine}, 	 	
 	month={Jun.},
 	year={2016},
	entrysubtype = {misc}
}
@inproceedings{mikon_compensated, 
	author={I. Piekarz and J. Sorocki and K. Wincza and S. Gruszczynski}, 
	title={Miniaturized compensated quasi-lumped wideband {M}archand balun},
	booktitle = {International Conference on Microwave, Radar and Wireless Communications (MIKON 2016)},
	address = {Krakow, Poland},
	month={May},
	year={2016},
	entrysubtype = {misc}
}

@inproceedings{rws_effective, 
	author={I. Piekarz and J. Sorocki and K. Wincza and S. Gruszczynski}, 
	title={Effective permittivity measurement with the use of coupled-line section sensor},
	booktitle={Radio and Wireless Symposium (RWS 2016)},  
	address = {Austin, Tx, United States of America}, 	 	
 	month={Jan.},
 	year={2016},
	entrysubtype = {misc}
}
@inproceedings{isap_wideband, 
	author={I. Piekarz and J. Sorocki and K. Wincza and S. Gruszczynski}, 
	title={Wideband Marchand balun and bow-tie antenna for sensor applications},
	booktitle={International Symposium on Antennas and Propagation (ISAP 2015)},  
	address = {Hobart, Australia}, 	 	
 	month={Nov.},
 	year={2015},
	entrysubtype = {misc}
}
@inproceedings{isap_leaky, 
	author={S. Gruszczynski and A. Rydosz and J. Sorocki and I. Slomian and P. Kaminski and K. Wincza}, 
	title={Leaky-wave antenna in multilayer structure for sensor applications},
	booktitle={International Symposium on Antennas and Propagation (ISAP 2015)},  
	address = {Hobart, Australia}, 	 	
 	month={Nov.},
 	year={2015},
	entrysubtype = {misc}
}
@inproceedings{wamicon_slot, 
	author={J. Sorocki and I. Piekarz and I. Slomian and K. Wincza and S. Gruszczynski}, 
	title={Approach to the design of slot-coupled-line directional couplers},
	booktitle={Wireless and Microwave Technology Conference (WAMICON 2015)},  
	address = {Cocoa Beach, FL, United States of America}, 	 	
 	month={Apr.},
 	year={2015},
	entrysubtype = {misc}
}
@inproceedings{wamicon_marchand, 
	author={I. Piekarz and J. Sorocki and I. Slomian and K. Wincza and S. Gruszczynski}, 
	title={Compact single-layer microstrip marchand type balun},
	booktitle={Wireless and Microwave Technology Conference (WAMICON 2015)},  
	address = {Cocoa Beach, FL, United States of America}, 	 	
 	month={Apr.},
 	year={2015},
	entrysubtype = {misc}
}
@inproceedings{mms_magicT, 
	author={J. Sorocki and I. Piekarz and I. Slomian and K. Staszek and K. Wincza and and S. Gruszczynski}, 
	title={Bandwidth-enhanced single-layer {3-dB} tandem directional coupler as magic-{T} network},
	booktitle={Mediterranean Microwave Symposium (MMS 2014)},  
	address = {Marrakech, Morocco}, 	 	
 	month={Dec.},
 	year={2014},
	entrysubtype = {misc}
}
@inproceedings{mms_marchand, 
	author={I. Piekarz and J. Sorocki and I. Slomian and K. Staszek and K. Wincza and and S. Gruszczynski}, 
	title={Marchand balun with connecting segment designed with the use of multi-technique compensation},
	booktitle={Mediterranean Microwave Symposium (MMS 2014},  
	address = {Marrakech, Morocco}, 	 	
 	month={Dec.},
 	year={2014},
	entrysubtype = {misc}
}
@inproceedings{mms_lattice, 
	author={I. Slomian and K. Staszek and I. Piekarz and J. Sorocki and K. Wincza and S. Gruszczynski}, 
	title={Dual polarized two-port antenna lattice},
	booktitle={Mediterranean Microwave Symposium (MMS 2014},  
	address = {Marrakech, Morocco}, 	 	
 	month={Dec.},
 	year={2014},
	entrysubtype = {misc}
}
@inproceedings{isap_leaky_meta, 
	author={S. Gruszczynski and A. Rydosz and J. Sorocki and I. Slomian and K. Wincza}, 
	title={Leaky-wave antenna with modified metamaterial unit cell for narrowing beam steering bandwidth},
	booktitle={International Symposium on Antennas and Propagation (ISAP 2014)},  
	address = {Kaohsiung, Taiwan}, 	 	
 	month={Dec.},
 	year={2014},
	entrysubtype = {misc}
}
@inproceedings{isap_widebeam2, 
	author={K. Wincza and A. Rydosz and J. Sorocki and I. Piekarz and I. Slomian and S. Gruszczynski}, 
	title={Wide-beam microstrip antenna for application in 24 {GHz} short-range {Doppler} sensors},
	booktitle={International Symposium on Antennas and Propagation (ISAP 2014)},  
	address = {Kaohsiung, Taiwan}, 	 	
 	month={Dec.},
 	year={2014},
	entrysubtype = {misc}
}
@inproceedings{mikon_csec, 
	author={I. Piekarz and J. Sorocki and I. Slomian and S. Gruszczynski and and K. Wincza}, 
	title={Application of ‘{C}’ section based left-handed transmission lines for coupling enhancement of coupled-line directional couplers},
	booktitle = {International Conference on Microwave, Radar and Wireless Communications (MIKON 2014)},
	address = {Gdansk, Poland},
	month={May},
	year={2014},
	entrysubtype = {misc}
}
@inproceedings{mikon_magicT, 
	author={J. Sorocki and I. Piekarz and I. Slomian and S. Gruszczynski and K. Wincza}, 
	title={Single-layer coupled-line magic-Ts utilizing left-handed transmission line sections},
	booktitle = {International Conference on Microwave, Radar and Wireless Communications (MIKON 2014)},
	address = {Gdansk, Poland},
	month={May},
	year={2014},
	entrysubtype = {misc} 
}
@inproceedings{mikon_array24, 
	author={I. Slomian and P. Kaminski and J. Sorocki and I. Piekarz and K. Wincza and S. Gruszczynski}, 
	title={Multi-beam and multi-range antenna array for 24 {GHz} radar applications},
	booktitle = {International Conference on Microwave, Radar and Wireless Communications (MIKON 2014)},
	address = {Gdansk, Poland},
	month={May},
	year={2014},
	entrysubtype = {misc} 
}
@inproceedings{crimico_four, 
	author={I. Piekarz and J. Sorocki and I. Slomian and M. Sloma and P. Kaminski and K. Wincza and S. Gruszczynski}, 
	title={Miniaturized Coupled-Line Directional Coupler Designed with the Use of Photoimageable Thick-Film Technology},
	booktitle = {International Crimean Conference Microwave and Telecommunication Technology (CriMiCo 2013)},
	address = {Sevastopol, Ukraine},
	month={Sep.},
	year={2013},
	entrysubtype = {misc} 
}
@inproceedings{crimico_antenna, 
	author={P. Sanz and I. Slomian and I. Piekarz and J. Sorocki and P. Kaminski and K. Wincza and S. Gruszczynski}, 
	title={Four-beam antena array for 24 {GHz} applications fed by 4x4 {Butler} matrix},
	booktitle = {International Crimean Conference Microwave and Telecommunication Technology (CriMiCo 2013)},
	address = {Sevastopol, Ukraine},
	month={Sep.},
	year={2013},
	entrysubtype = {misc} 
}
@inproceedings{imoc_antenna, 
	author={I. Slomian and J. Sorocki and P. Kaminski and A. Rydosz and K. Wincza and S. Gruszczynski}, 
	title={Broadband 4 x 4 microstrip antenna array utilizing slot-coupled power dividers},
	booktitle = {International Microwave and Optoelectronics Conference (IMOC 2013)},
	address = {Rio de Janeiro, Brasil},
	month={Aug.},
	year={2013},
	entrysubtype = {misc}
}
@inproceedings{telfor_asymmetric, 
	author={I. Piekarz and J. Sorocki}, 
	title={Asymmetric coupled-line single-section directional coupler with equalized inductive and capacitive coupling coefficients},
	booktitle = {Telecommunications Forum (TELFOR 2012)},
	address = {Belgrade, Serbia},
	month={Nov.},
	year={2012},
	entrysubtype = {misc} 
}
@inproceedings{telfor_ltcc, 
	author={I. Piekarz and J. Sorocki and K. Wincza and S. Gruszczynski}, 
	title={Meandered coupled-line single-section directional coupler utilizing multilayer {LTCC} technology},
	booktitle = {Telecommunications Forum (TELFOR 2012)},
	address = {Belgrade, Serbia},
	month={Nov.},
	year={2012},
	entrysubtype = {misc} 
}