% Chapter 3 - pamięć serspin
@article{rzeszut2019multi,
  title={Multi-bit MRAM storage cells utilizing serially connected perpendicular magnetic tunnel junctions},
  author={Rzeszut, Piotr and Skowro{\'n}ski, Witold and Zi{\k{e}}tek, S{\l}awomir and Wrona, Jerzy and Stobiecki, Tomasz},
  journal={Journal of Applied Physics},
  volume={125},
  number={22},
  pages={223907},
  year={2019},
  publisher={AIP Publishing LLC}
}

@article{tmtt_right_left,
    author={J. Sorocki and I. Piekarz and K. Wincza and S. Gruszczynski},
    title={Right/left-handed transmission lines based on coupled transmission line sections and their application towards bandpass filters},
    journal={IEEE Transactions on Microwave Theory and Techniques},  
	volume={63}, 
	number={2}, 
	pages={384-396},
	month={Feb.},
	year={2015},
	doi={10.1109/TMTT.2014.2378283} 
}
@article{mwcl_dcrlh, 
	author={J. Sorocki and I. Piekarz and K. Wincza and S. Gruszczynski},
	title={Semi-distributed approach to dual-composite right/left-handed transmission lines and their application to bandstop filters},  
	journal={IEEE Microwave and Wireless Components Letters}, 
	volume={25}, 
	number={12}, 
	pages={784-786}, 	
	month={Dec.},
	year={2015},	
	doi={10.1109/LMWC.2015.2495114}
}
% Chapter 4 - broadband pseudo-highpass - semi i fully distributed i struktury rรณ?ne
@article{jemwa_pseudo-highpass,
	author = {J. Sorocki and I. Piekarz and K. Wincza and S. Gruszczynski},
	title = {Pseudo-highpass filters based on semi-distributed balanced composite right/left-handed unit cells},
	journal = {Journal of Electromagnetic Waves and Applications},
	volume = {29},
	number = {16},
	pages = {2171-2177},
	year  = {2015},
	doi = {10.1080/09205071.2015.1078748}  
}
@inproceedings{mms_low-loss_wideband, 
	author={J. Sorocki and I. Piekarz and S. Gruszczynski and K. Wincza}, 
	title={Low-loss wideband bandpass filters using semi-distributed unit cells},
	booktitle={Mediterranean Microwave Symposium (MMS 2017)},  
	address = "Marseille, France", 	
 	pages={20-30},
 	month={Nov.},
 	year={2017}
}
@inproceedings{mikon_low-loss_distributed,
	author = {J. Sorocki and I. Piekarz and S. Gruszczynski and K. Wincza},
	title = {Low-loss pseudo-highpass filters using distributed-element unit cells},
	booktitle = {International Conference on Microwave, Radar and Wireless Communications (MIKON 2018)},
	address = {Poznan, Poland}, 
	pages={1-4},	
	month = {May},
	year  = {2018}
}

% Chapter 5 - directional filters - optymalizacja topologii
@inproceedings{ISAP_miniaturized_DF, 
	author={J. Sorocki and I. Piekarz and S. Gruszczynski and K. Wincza}, 
	title={Miniaturized directional filter multiplexer for band separation in {UWB} antenna systems},
	booktitle={International Symposium on Antennas and Propagation (ISAP 2015)},  
	address={Hobart, Australia}, 	 	
 	pages={1-4},
 	month={Nov.},
 	year={2015}
}
@inproceedings{mikon_cascaded_DF, 
	author={J. Sorocki and I. Piekarz and S. Gruszczynski and K. Wincza}, 
	title={Cascaded loops directional filter with transmission zeroes for multiplexing applications}, 
	booktitle={International Conference on Microwave, Radar and Wireless Communications (MIKON 2016)}, 
	address={Krakow, Poland}, 	 	
 	pages={1-4},
 	month={May},
 	year={2016},
 	doi={10.1109/MIKON.2016.7492043} 
}
@article{mwcl_band_reject,
	author={J. Sorocki and I. Piekarz and S. Gruszczynski and K. Wincza},
	title={Low-loss directional filters based on differential band-reject filters with improved isolation using phase inverter},
	journal={IEEE Microwave and Wireless Components Letters},
	volume={28},
	number = {4},
	pages = {314-316},
    month = {Apr.},
	year  = {2018},
	doi = {10.1109/LMWC.2018.2805864}   
}
@article{tmtt_crosscoupled_DF,
	author = {J. Sorocki and K. Staszek and I. Piekarz and S. Gruszczynski and K. Wincza},
	title = {Traveling wave directional filters with transmission zeroes using cross coupling},
	journal = {submitted to IEEE Transactions on Micowave Theory and Techniques},
	year  = {2018}
}
@article{mwcl_tandem,
	author = {K. Staszek and J. Sorocki and P. Kaminski and K. Wincza and S. Gruszczynski},
	title = {A broadband {3-dB} tandem coupler utilizing right/left-handed transmission line sections},
	journal = {IEEE Microwave and Wireless Components Letters},
	volume = {24},
	number = {4},
	pages = {236-238},
    month = {Apr.},
	year  = {2014},
	doi = {10.1109/LMWC.2014.2299546}  
}
% Chapter 6 - multi purpose elements - integracja wielu funkcjonalnos?i w jednym uk?adzie
@article{mwcl_cascaded_multipex,
	author={J. Sorocki and K. Janisz and I. Piekarz and S. Gruszczynski and K. Wincza},
	title={Frequency multiplexers with improved selectivity using asymmetric response directional filters},
	journal={submitted to IEEE Microwave and Wireless Components Letters},
	year={2017}
}
@article{jmwt_imp_tranforming, 
	author={J. Sorocki and I. Piekarz and K. Wincza and S. Gruszczynski}, 	
	title={Impedance transforming directional couplers with increased achievable transformation ratio}, 
	journal={International Journal of Microwave and Wireless Technologies}, 	
	volume={9}, 
	number={3}, 
	pages={509–513},
	month = {Apr.},	
	year={2017}, 
	doi={10.1017/S1759078716000520}
}
% Chapter 7 - novel materials and manufacturing technologies
@inproceedings{iceese_3D_graphene, 
	author={J. Sorocki and S. Koryciak and I. Piekarz and S. Gruszczynski and K. Wincza}, 
	title={Investigation on additive manufacturing with conductive {PLA} filament for realisation of low-loss suspended microstrip microwave circuits},
	booktitle={International Conference on Electrical, Electronics and System Engineering (ICEESE 2017)},  
	address = {Kanazawa, Japan}, 	 	
 	pages={48-51},
 	month={Nov.},
 	year={2017}
}
@inproceedings{ectc_electrify, 
	author={I. Piekarz and J. Sorocki and S. Gruszczynski and K. Wincza and J. Papapolymerou}, 
	title={Suspended microstrip low-pass filter realized using {FDM} type {3D} printing with conductive copper-based filament},
	booktitle={IEEE Electronic Components and Technology Conference (ECTC 2018)},  
	address = {San Diego, CA, USA}, 	 	
 	pages={1-4},
 	month={May},
 	year={2018}
}
@inproceedings{ectc_df, 
	author={J. Sorocki and I. Piekarz and S. Gruszczynski and K. Wincza and J. Papapolymerou}, 
	title={Application of additive manufacturing technologies for realization of multilayer microstrip directional filter},
	booktitle={IEEE Electronic Components and Technology Conference (ECTC 2018)},  
	address = {San Diego, CA, USA},  	
 	pages={1-4},
 	month={May},
 	year={2018}
}
@article{polyjet_susp_coupler, 
	author={J. Sorocki and I. Piekarz and S. Gruszczynski and K. Wincza and J. Papapolymerou}, 	
	title={Application of {3D} printing technology for realization of high-performance directional couplers in suspended stripline technique}, 
	journal={in preparation}, 	
	year={2018} 
}
% Chapter 8 - stroik i wzmacniacz
@inproceedings{rws_imp_tuner, 
	author={J. Sorocki and I. Piekarz and S. Gruszczynski and K. Wincza}, 
	title={Low-cost impedance tuner utilizing quadrature coupled-line coupler for load and source pull transistor measurement applications}, 
	booktitle={2016 IEEE Radio and Wireless Symposium (RWS 2016)}, 
	address = {Austin, TX, USA}, 	
	pages={169-171},	
	month={Jan.},
	year={2016}, 
	doi={10.1109/RWS.2016.7444395}
}
@techreport{avionix_report,
     title = {{Report on the realisation of work package \textit{RF Pulsed Power Amplifier}}},
     author = {J. Sorocki and S. Gruszczynski},
     group = {csg},
     institution = {AGH University of  Science and Technology, Department of Electronics},
     month = {Apr.},
     year = {2017},
     Date-Added = {2010-01-11 10:05:52},
     Date-Modified = {2010-07-22 12:08:45}
}


%--- Other references ---
@book{pozar,
  	author = "D. Pozar",
  	title = "Microwave Engineering",
  	edition = "4th",
  	publisher = "Wiley",
  	address = "Hoboken, NJ",
  	year = "2012"
}
@book{balanis,
  	author = "C. Balanis",
  	title = "Advanced Engineering Electromagnetics",
  	edition = "2nd",
  	publisher = "Wiley",
  	address = "Hoboken, NJ",
  	year = "2012"
}
@book{caloz,
  	author = "C Caloz and T. Itoh",
  	title = "Electromagnetic Metamaterials: Transmission Line Theory and Microwave Applications",
  	edition = "1st",
  	publisher = "Wiley",
  	address = "Hoboken, NJ",
  	year = "2015"
}
@article{mm_cameron, 
	author={R. J. Cameron and M. Yu}, 	
	title={Design of manifold-coupled multiplexers}, 
	journal={IEEE Microwave Magazine}, 	
	volume={8}, 
	number={5}, 
	pages={46-59},
	month={Oct.},	
	year={2017}, 
	doi={X}
}
@article{mm_mansour, 
	author={R.R. Mansour}, 	
	title={Filter technologies for wireless base stations}, 
	journal={IEEE Microwave Magazine}, 	
	volume={5}, 
	number={1}, 
	pages={68-74},
	month={Mar.},	
	year={2004}, 
	doi={10.1109/MMW.2004.1284945}
}
@article{mm_ahn, 
	author={H.-R. Ahn and B. Kim}, 	
	title={Toward integrated circuit size reduction}, 
	journal={IEEE Microwave Magazine}, 	
	volume={9}, 
	number={1}, 
	pages={65-75},
	month={Feb.},	
	year={2008}, 
	doi={10.1109/MMM.2007.910937}
}
@article{mm_tsutsumi, 
	author={J. Tsutsumi and M. Seth and A. S. Morris and R. B. Staszewski and G. Hueber}, 	
	title={Cost-Efficient, High-Volume Transmission: Advanced Transmission Design and Architecture of Next Generation {RF} Modems and Front-Ends}, 
	journal={IEEE Microwave Magazine}, 	
	volume={16}, 
	number={7}, 
	pages={26-45},
	month={Aug.},	
	year={2015}, 
	doi={10.1109/MMM.2015.2431235}
}
@article{mm_gomez-garcia, 
	author={R. Gomez-Garcia and M. A. Sanchez-Soriano and K. W. Tam and Q. Xue}, 	
	title={Flexible Filters: Reconfigurable-Bandwidth Bandpass Planar Filters with Ultralarge Tuning Ratio}, 
	journal={IEEE Microwave Magazine}, 	
	volume={15}, 
	number={3}, 
	pages={43-54},
	month={Jul.},	
	year={2014}, 
	doi={10.1109/MMM.2014.2321094}
}
@article{mm_coonrod, 
	author={J. Coonrod}, 	
	title={Ambiguous Influences Affecting Insertion Loss of Microwave Printed Circuit Boards [Application Notes]}, 
	journal={IEEE Microwave Magazine}, 	
	volume={13}, 
	number={5}, 
	pages={66-75},
	month={Jul.},	
	year={2012}, 
	doi={10.1109/MMM.2012.2197145}
}
@article{mm_xu, 
	author={H. X. Xu and G. M. Wang and K. Lu}, 	
	title={Microstrip Rat-Race Couplers}, 
	journal={IEEE Microwave Magazine}, 	
	volume={12}, 
	number={4}, 
	pages={117-129},
	month={Jun.},	
	year={2011}, 
	doi={10.1109/MMM.2011.940600}
}
@article{mm_vilar, 
	author={R. Vilar and R. Czarny and M. S. L. Lee and B. Loiseaux and M. Sypek and M. Makowski and C. Martel and T. Crepin and F. Boust and R. Joseph and K. Herbertz and T. Bertuch and J. Marti}, 	
	title={{Q}-Band Millimeter-Wave Antennas: An Enabling Technology for MultiGigabit Wireless Backhaul}, 
	journal={IEEE Microwave Magazine}, 	
	volume={15}, 
	number={4}, 
	pages={121-130},
	month={Jun.},	
	year={2014}, 
	doi={10.1109/MMM.2014.2308769}
}
@article{mm_hao, 
	author={Z. C. Hao and J. S. Hong}, 	
	title={Ultrawideband Filter Technologies}, 
	journal={IEEE Microwave Magazine}, 	
	volume={11}, 
	number={4}, 
	pages={56-68},
	month={Jun.},	
	year={2010}, 
	doi={10.1109/MMM.2010.936494}
}
@article{mm_kosugi, 
	author={T. Kosugi and A. Hirata and T. Nagatsuma and Y. Kado}, 	
	title={{MM}-wave long-range wireless systems}, 
	journal={IEEE Microwave Magazine}, 	
	volume={10}, 
	number={2}, 
	pages={68-76},
	month={Apr.},	
	year={2009}, 
	doi={10.1109/MMM.2008.931668}
}
@article{mm_yang, 
	author={S. Yang and C. Zhang and H. K. Pan and A. E. Fathy and V. K. Nair}, 	
	title={Frequency-reconfigurable antennas for multiradio wireless platforms}, 
	journal={IEEE Microwave Magazine}, 	
	volume={10}, 
	number={1}, 
	pages={66-83},
	month={Feb.},	
	year={2009}, 
	doi={10.1109/MMM.2008.930677}
}
@article{mm_emrick, 
	author={R. Emrick and P. Cruz and N. B. Carvalho and S. Gao and R. Quay and P. Waltereit}, 	
	title={The Sky's the Limit: Key Technology and Market Trends in Satellite Communications}, 
	journal={IEEE Microwave Magazine}, 	
	volume={15}, 
	number={2}, 
	pages={65-78},
	month={Mar.},	
	year={2014}, 
	doi={10.1109/MMM.2013.2296212}
}
@article{tmtt_huang, 
	author={R. Emrick and P. Cruz and N. B. Carvalho and S. Gao and R. Quay and P. Waltereit}, 	
	title={Broadband Differential Phase-Shifter Design Using Bridged {T}-Type Bandpass Network}, 
	journal={IEEE Transactions on Microwave Theory and Techniques}, 	
	volume={62}, 
	number={7}, 
	pages={1470-1479},
	month={Jul.},	
	year={2014}, 
	doi={10.1109/MMM.2013.2296212}
}
@article{tmtt_gruszczy_generalized, 
	author={S. Gruszczynski and K. Wincza}, 	
	title={Generalized Methods for the Design of Quasi-Ideal Symmetric and Asymmetric Coupled-Line Sections and Directional Couplers}, 
	journal={IEEE Transactions on Microwave Theory and Techniques}, 	
	volume={59}, 
	number={7}, 
	pages={1709-1718},
	month={Jul.},	
	year={2011}
}
@article{tmtt_wincza_broadband_integrated, 
	author={K. Wincza and S. Gruszczynski}, 	
	title={Broadband Integrated 8 × 8 Butler Matrix Utilizing Quadrature Couplers and Schiffman Phase Shifters for Multibeam Antennas With Broadside Beam}, 
	journal={IEEE Transactions on Microwave Theory and Techniques}, 	
	volume={64}, 
	number={8}, 
	pages={2596-2604},
	month={Aug.},	
	year={2016}
}
@article{tmtt_wincza_asymmetric_transformers, 
	author={K. Wincza and S. Gruszczynski}, 	
	title={Asymmetric Coupled-Line Directional Couplers as Impedance Transformers in Balanced and n-Way Power Amplifiers}, 
	journal={IEEE Transactions on Microwave Theory and Techniques}, 	
	volume={59}, 
	number={7}, 
	pages={1803-1810},
	month={Jul.},	
	year={2011}
}
@article{mm_lai, 
	author={A. Lai and C. Caloz and T. Itoh}, 	
	title={Composite right/left-handed transmission line metamaterials}, 
	journal={IEEE Microwave Magazine}, 	
	volume={5}, 
	number={3}, 
	pages={34-50},
	month={Sep.},	
	year={2004}
}
@article{pieee_sorrentino, 
	author={R. Sorrentino and O. A. Peverini}, 	
	title={Additive Manufacturing: A Key Enabling Technology for Next-Generation Microwave
and Millimeter-Wave Systems}, 
	journal={Proceedings of the IEEE}, 	
	volume={104}, 
	number={7}, 
	pages={1362-1366},
	month={Jul.},	
	year={2016}
}

%--- Author`s not related publications ---
%submitted to journals
@article{tmtt_aerosol, 
	author={I. Piekarz and J. Sorocki and M. T. Craton and K. Wincza and S. Gruszczynski and J. Papapolymerou}, 	
	title={Applications of Aerosol Jet {3D} Printing with Conductive and Non-Conductive Inks for the Realization of mm-Wave Circuits}, 
	journal={in preparation}, 		
	year={2018} 
}
%submitted to conferences
@inproceedings{eumw_aerosol, 
	author={M. T. Craton and J. Sorocki and I. Piekarz and S. Gruszczynski and K. Wincza and J. Papapolymerou}, 
	title={Realization of fully {3D} printed {W}-band bandpass filters using aerosol jet printing technology},
	booktitle={submitted for European Microwave Week (EuMW 2018)},  
	address = "Madrid, Spain", 	
 	month={Sep.},
 	year={2018}
}
@inproceedings{apwc_absorber, 
	author={I. Piekarz and J. Sorocki and I. Slomian and K. Wincza and S. Gruszczynski }, 
	title={Experimental verification of {3D} printed low-conductivity graphene-enhanced {PLA} absorbers for backlobe suppression in aperture-coupled antennas},
	booktitle={Topical Conference on Antennas and Wireless Comunications (APWC 2018)},  
	address = "Cartagena de Indias, Colombia", 	
 	month={Sep.},
 	year={2018}
}
@inproceedings{iceaa_magnetic, 
	author={J. Sorocki and I. Piekarz and I. Slomian and S. Gruszczynski and K. Wincza}, 
	title={Investigation on the realization of compact patch antenna on magneto-dielectric substrate using {3D} printing technology with iron-enhanced {PLA} filament},
	booktitle={International Conference on Electromagnetics in Advanced Applications (ICEAA 2018)},  
	address = "Cartagena de Indias, Colombia", 	
 	month={Sep.},
 	year={2018}
}
